@article {Zhu,
    AUTHOR = {Zhu, Guangjun},
     TITLE = {Projective dimension and regularity of path ideals of cycles},
   JOURNAL = {J. Algebra Appl.},
  FJOURNAL = {Journal of Algebra and its Applications},
    VOLUME = {17},
      YEAR = {2018},
    NUMBER = {10},
     PAGES = {1850188, 22},
      ISSN = {0219-4988,1793-6829},
   MRCLASS = {13D02 (13C15 13F55)},
  MRNUMBER = {3866761},
MRREVIEWER = {Dang\ Hop\ Nguyen},
       DOI = {10.1142/S0219498818501888},
       URL = {https://doi.org/10.1142/S0219498818501888},
}

@incollection {MoreyVillarreal,
    AUTHOR = {Morey, Susan and Villarreal, Rafael H.},
     TITLE = {Edge ideals: algebraic and combinatorial properties},
 BOOKTITLE = {Progress in commutative algebra 1},
     PAGES = {85--126},
 PUBLISHER = {de Gruyter, Berlin},
      YEAR = {2012},
      ISBN = {978-3-11-025034-3},
   MRCLASS = {13F20 (05C10 05C25 05C65 05E40 13-02 13F55)},
  MRNUMBER = {2932582},
MRREVIEWER = {Louiza\ Fouli},
}

@incollection {HerzogTakayama,
    AUTHOR = {Herzog, J{\"{u}}rgen and Takayama, Yukihide},
     TITLE = {Resolutions by mapping cones},
      NOTE = {The Roos Festschrift volume, 2},
   JOURNAL = {Homology Homotopy Appl.},
  BOOKTITLE = {Homology, Homotopy and Applications},
    VOLUME = {4},
      YEAR = {2002},
    ISSUE = {2},
     PAGES = {277--294},
      ISSN = {1532-0081},
   MRCLASS = {13D02},
  MRNUMBER = {1918513},
MRREVIEWER = {Viviana\ Ene},
       DOI = {10.4310/hha.2002.v4.n2.a13},
       URL = {https://doi.org/10.4310/hha.2002.v4.n2.a13},
}

@article {JahanZheng,
    AUTHOR = {Jahan, Ali Soleyman and Zheng, Xinxian},
     TITLE = {Ideals with linear quotients},
   JOURNAL = {J. Combin. Theory Ser. A},
  FJOURNAL = {Journal of Combinatorial Theory. Series A},
    VOLUME = {117},
      YEAR = {2010},
    NUMBER = {1},
     PAGES = {104--110},
      ISSN = {0097-3165,1096-0899},
   MRCLASS = {13F20 (05E45 13F55)},
  MRNUMBER = {2557882},
MRREVIEWER = {Russ\ Woodroofe},
       DOI = {10.1016/j.jcta.2009.03.012},
       URL = {https://doi.org/10.1016/j.jcta.2009.03.012},
}

@article {HaWoodroofe,
    AUTHOR = {H{\`{a}}, Huy T{\`{a}}i and Woodroofe, Russ},
     TITLE = {Results on the regularity of square-free monomial ideals},
   JOURNAL = {Adv. in Appl. Math.},
  FJOURNAL = {Advances in Applied Mathematics},
    VOLUME = {58},
      YEAR = {2014},
     PAGES = {21--36},
      ISSN = {0196-8858,1090-2074},
   MRCLASS = {13D02 (05E40 13F20 55U10)},
  MRNUMBER = {3213742},
MRREVIEWER = {Benjamin\ P.\ Richert},
       DOI = {10.1016/j.aam.2014.05.002},
       URL = {https://doi.org/10.1016/j.aam.2014.05.002},
}

@article {BatziesWelker,
    AUTHOR = {Batzies, E. and Welker, V.},
     TITLE = {Discrete {M}orse theory for cellular resolutions},
   JOURNAL = {J. Reine Angew. Math.},
  FJOURNAL = {Journal f\"{u}r die Reine und Angewandte Mathematik. [Crelle's
              Journal]},
    VOLUME = {543},
      YEAR = {2002},
     PAGES = {147--168},
      ISSN = {0075-4102,1435-5345},
   MRCLASS = {13D02 (13F55 57R70)},
  MRNUMBER = {1887881},
MRREVIEWER = {P.\ Schenzel},
       DOI = {10.1515/crll.2002.012},
       URL = {https://doi.org/10.1515/crll.2002.012},
}

@book {PeevaBook,
    AUTHOR = {Peeva, Irena},
     TITLE = {Graded syzygies},
    SERIES = {Algebra and Applications},
    VOLUME = {14},
 PUBLISHER = {Springer-Verlag London, Ltd., London},
      YEAR = {2011},
     PAGES = {xii+302},
      ISBN = {978-0-85729-176-9},
   MRCLASS = {13D02 (05E40 13D40 13F55 14M25)},
  MRNUMBER = {2560561},
MRREVIEWER = {Christopher\ A.\ Francisco},
       DOI = {10.1007/978-0-85729-177-6},
       URL = {https://doi.org/10.1007/978-0-85729-177-6},
}

@incollection {Froberg,
    AUTHOR = {Fr{\"{o}}berg, Ralf},
     TITLE = {On {S}tanley-{R}eisner rings},
 BOOKTITLE = {Topics in algebra, {P}art 2 ({W}arsaw, 1988)},
    SERIES = {Banach Center Publ.},
    VOLUME = {26, Part 2},
     PAGES = {57--70},
 PUBLISHER = {PWN, Warsaw},
      YEAR = {1990},
      ISBN = {83-01-09579-2},
   MRCLASS = {13D25 (13H10)},
  MRNUMBER = {1171260},
}

@article {Banerjee,
    AUTHOR = {Banerjee, Arindam},
     TITLE = {Regularity of path ideals of gap free graphs},
   JOURNAL = {J. Pure Appl. Algebra},
  FJOURNAL = {Journal of Pure and Applied Algebra},
    VOLUME = {221},
      YEAR = {2017},
    NUMBER = {10},
     PAGES = {2409--2419},
      ISSN = {0022-4049,1873-1376},
   MRCLASS = {13D02 (05C10 05C25)},
  MRNUMBER = {3646307},
MRREVIEWER = {Siamak\ Yassemi},
       DOI = {10.1016/j.jpaa.2016.12.005},
       URL = {https://doi.org/10.1016/j.jpaa.2016.12.005},
}

@article {Reisner,
    AUTHOR = {Reisner, Gerald Allen},
     TITLE = {Cohen-{M}acaulay quotients of polynomial rings},
   JOURNAL = {Advances in Math.},
  FJOURNAL = {Advances in Mathematics},
    VOLUME = {21},
      YEAR = {1976},
    NUMBER = {1},
     PAGES = {30--49},
      ISSN = {0001-8708},
   MRCLASS = {14M05 (13C10)},
  MRNUMBER = {407036},
MRREVIEWER = {Ezio\ Stagnaro},
       DOI = {10.1016/0001-8708(76)90114-6},
       URL = {https://doi.org/10.1016/0001-8708(76)90114-6},
}

@article {HerzogHibiZheng,
    AUTHOR = {Herzog, J\"{u}rgen and Hibi, Takayuki and Zheng, Xinxian},
     TITLE = {Monomial ideals whose powers have a linear resolution},
   JOURNAL = {Math. Scand.},
  FJOURNAL = {Mathematica Scandinavica},
    VOLUME = {95},
      YEAR = {2004},
    NUMBER = {1},
     PAGES = {23--32},
      ISSN = {0025-5521,1903-1807},
   MRCLASS = {13D02 (13A30 13F20)},
  MRNUMBER = {2091479},
MRREVIEWER = {Rahim\ Zaare-Nahandi},
       DOI = {10.7146/math.scand.a-14446},
       URL = {https://doi.org/10.7146/math.scand.a-14446},
}

@ARTICLE{DeshpandeRoySinghTuyl,
       author = {{Deshpande}, Priyavrat and {Roy}, Amit and {Singh}, Anurag and {Van Tuyl}, Adam},
        title = "{Fr{\"o}berg's Theorem, vertex splittability and higher independence complexes}",
      journal = {arXiv e-prints},
     keywords = {Mathematics - Commutative Algebra, Mathematics - Combinatorics, 13F55, 05E45},
         year = 2023,
        month = nov,
          eid = {arXiv:2311.02430},
        pages = {arXiv:2311.02430},
          doi = {10.48550/arXiv.2311.02430},
archivePrefix = {arXiv},
       eprint = {2311.02430},
 primaryClass = {math.AC},
       adsurl = {https://ui.adsabs.harvard.edu/abs/2023arXiv231102430D},
      adsnote = {Provided by the SAO/NASA Astrophysics Data System}
}

@article {AbdelmalekDeshpandeGoyalRoySingh,
    AUTHOR = {Abdelmalek, Fred M. and Deshpande, Priyavrat and Goyal,
              Shuchita and Roy, Amit and Singh, Anurag},
     TITLE = {Chordal graphs, higher independence and vertex decomposable
              complexes},
   JOURNAL = {Internat. J. Algebra Comput.},
  FJOURNAL = {International Journal of Algebra and Computation},
    VOLUME = {33},
      YEAR = {2023},
    NUMBER = {3},
     PAGES = {481--498},
      ISSN = {0218-1967,1793-6500},
   MRCLASS = {05E45 (13F55)},
  MRNUMBER = {4594599},
       DOI = {10.1142/S0218196723500236},
       URL = {https://doi.org/10.1142/S0218196723500236},
}

@Misc{M2,
  author = {Grayson, Daniel R. and Stillman, Michael E.},
  title = {Macaulay2, a software system for research in algebraic geometry},
  howpublished = {Available at \url{http://www2.macaulay2.com}}
}

@manual{sagemath,
  Key          = {SageMath},
  Author       = {{The Sage Developers}},
  Title        = {{S}ageMath, the {S}age {M}athematics {S}oftware {S}ystem ({V}ersion 9.8)},
  note         = {\newline \url{https://www.sagemath.org}},
  Year         = {2023},
}

@article {nauty,
    AUTHOR = {McKay, Brendan D. and Piperno, Adolfo},
     TITLE = {Practical graph isomorphism, {II}},
   JOURNAL = {J. Symbolic Comput.},
  FJOURNAL = {Journal of Symbolic Computation},
    VOLUME = {60},
      YEAR = {2014},
     PAGES = {94--112},
      ISSN = {0747-7171,1095-855X},
   MRCLASS = {05C60 (05C85 68Q25)},
  MRNUMBER = {3131381},
MRREVIEWER = {Bharati\ Rajan},
       DOI = {10.1016/j.jsc.2013.09.003},
       URL = {https://doi.org/10.1016/j.jsc.2013.09.003},
}

@article {MoradiKhoshAhang,
    AUTHOR = {Moradi, Somayeh and Khosh-Ahang, Fahimeh},
     TITLE = {On vertex decomposable simplicial complexes and their
              {A}lexander duals},
   JOURNAL = {Math. Scand.},
  FJOURNAL = {Mathematica Scandinavica},
    VOLUME = {118},
      YEAR = {2016},
    NUMBER = {1},
     PAGES = {43--56},
      ISSN = {0025-5521,1903-1807},
   MRCLASS = {13F55 (13D02)},
  MRNUMBER = {3475100},
MRREVIEWER = {Siamak\ Yassemi},
       DOI = {10.7146/math.scand.a-23295},
       URL = {https://doi.org/10.7146/math.scand.a-23295},
}

@article {AlilooeeFaridi,
    AUTHOR = {Alilooee, Ali and Faridi, Sara},
     TITLE = {On the resolution of path ideals of cycles},
   JOURNAL = {Comm. Algebra},
  FJOURNAL = {Communications in Algebra},
    VOLUME = {43},
      YEAR = {2015},
    NUMBER = {12},
     PAGES = {5413--5433},
      ISSN = {0092-7872,1532-4125},
   MRCLASS = {13D02 (13F20 13F55)},
  MRNUMBER = {3395713},
MRREVIEWER = {Manoj\ Kummini},
       DOI = {10.1080/00927872.2013.837170},
       URL = {https://doi.org/10.1080/00927872.2013.837170},
}

@book {DerksenKemper,
    AUTHOR = {Derksen, Harm and Kemper, Gregor},
     TITLE = {Computational invariant theory},
    SERIES = {Encyclopaedia of Mathematical Sciences},
    VOLUME = {130},
   EDITION = {enlarged},
      NOTE = {With two appendices by Vladimir L. Popov, and an addendum by
              Norbert A'Campo and Popov,
              Invariant Theory and Algebraic Transformation Groups, VIII},
 PUBLISHER = {Springer, Heidelberg},
      YEAR = {2015},
     PAGES = {xxii+366},
      ISBN = {978-3-662-48420-3; 978-3-662-48422-7},
   MRCLASS = {13A50 (12Y05 13P10 14L24 15A72 68W30)},
  MRNUMBER = {3445218},
MRREVIEWER = {Thomas\ Garrity},
       DOI = {10.1007/978-3-662-48422-7},
       URL = {https://doi.org/10.1007/978-3-662-48422-7},
}

@article {IgusaGrassmannian,
    AUTHOR = {Igusa, Jun-ichi},
     TITLE = {On the arithmetic normality of the {G}rassmann variety},
   JOURNAL = {Proc. Nat. Acad. Sci. U.S.A.},
  FJOURNAL = {Proceedings of the National Academy of Sciences of the United
              States of America},
    VOLUME = {40},
      YEAR = {1954},
     PAGES = {309--313},
      ISSN = {0027-8424},
   MRCLASS = {14.0X},
  MRNUMBER = {61423},
MRREVIEWER = {W.\ V. D. Hodge},
       DOI = {10.1073/pnas.40.5.309},
       URL = {https://doi.org/10.1073/pnas.40.5.309},
}

@article {ConciniProcesiCharacteristicFree,
    AUTHOR = {De~Concini, C. and Procesi, C.},
     TITLE = {A characteristic free approach to invariant theory},
   JOURNAL = {Advances in Math.},
  FJOURNAL = {Advances in Mathematics},
    VOLUME = {21},
      YEAR = {1976},
    NUMBER = {3},
     PAGES = {330--354},
      ISSN = {0001-8708},
   MRCLASS = {15A72 (14L99)},
  MRNUMBER = {422314},
MRREVIEWER = {Vladimir\ L.\ Popov},
       DOI = {10.1016/S0001-8708(76)80003-5},
       URL = {https://doi.org/10.1016/S0001-8708(76)80003-5},
}

@article {HochsterJeffriesPandeySingh,
    AUTHOR = {Hochster, Melvin and Jeffries, Jack and Pandey, Vaibhav and
              Singh, Anurag K.},
     TITLE = {When are the natural embeddings of classical invariant rings
              pure?},
   JOURNAL = {Forum Math. Sigma},
  FJOURNAL = {Forum of Mathematics. Sigma},
    VOLUME = {11},
      YEAR = {2023},
     PAGES = {Paper No. e67, 43},
      ISSN = {2050-5094},
   MRCLASS = {13D45 (13A35 13A50 13C40 14B15)},
  MRNUMBER = {4623817},
       DOI = {10.1017/fms.2023.67},
       URL = {https://doi.org/10.1017/fms.2023.67},
}

@article{PuchalaMiszczak,
  author        = {Pucha{\l}a, Zbigniew and Miszczak, Jaros{\l}aw Adam},
  title         = {Symbolic integration with respect to the {Haar} measure on the unitary group},
  journal       = {Bull. Pol. Acad. Sci.-Tech. Sci.},
  volume        = {65},
  issue         = {1},   
  year          = {2017},
  doi           = {10.1515/bpasts-2017-0003},
  eprint        = {arXiv:1109.4244},
  url           = {https://github.com/iitis/IntU}
}

@article {CollinsSniady,
    AUTHOR = {Collins, Beno\^it and \'Sniady, Piotr},
     TITLE = {Integration with respect to the {H}aar measure on unitary,
              orthogonal and symplectic group},
   JOURNAL = {Comm. Math. Phys.},
  FJOURNAL = {Communications in Mathematical Physics},
    VOLUME = {264},
      YEAR = {2006},
    NUMBER = {3},
     PAGES = {773--795},
      ISSN = {0010-3616,1432-0916},
   MRCLASS = {60B15 (15A52 22D99 43A85 58C35)},
  MRNUMBER = {2217291},
MRREVIEWER = {Florent\ Benaych-Georges},
       DOI = {10.1007/s00220-006-1554-3},
       URL = {https://doi.org/10.1007/s00220-006-1554-3},
}

@book {WeylClassical,
    AUTHOR = {Weyl, Hermann},
     TITLE = {The {C}lassical {G}roups. {T}heir {I}nvariants and
              {R}epresentations},
 PUBLISHER = {Princeton University Press, Princeton, NJ},
      YEAR = {1939},
     PAGES = {xii+302},
   MRCLASS = {20.0X},
  MRNUMBER = {255},
MRREVIEWER = {C.\ Chevalley},
}

@book {KraftGeometrische,
    AUTHOR = {Kraft, Hanspeter},
     TITLE = {Geometrische {M}ethoden in der {I}nvariantentheorie},
    SERIES = {Aspects of Mathematics},
    VOLUME = {D1},
 PUBLISHER = {Friedr. Vieweg \& Sohn, Braunschweig},
      YEAR = {1984},
     PAGES = {x+308},
      ISBN = {3-528-08525-8},
   MRCLASS = {14D25 (14L30)},
  MRNUMBER = {768181},
MRREVIEWER = {J.\ C.\ Fogarty},
       DOI = {10.1007/978-3-322-83813-1},
       URL = {https://doi.org/10.1007/978-3-322-83813-1},
}

@incollection {HochsterInvariantSurvey,
    AUTHOR = {Hochster, Melvin},
     TITLE = {Invariant theory of commutative rings},
 BOOKTITLE = {Group actions on rings ({B}runswick, {M}aine, 1984)},
    SERIES = {Contemp. Math.},
    VOLUME = {43},
     PAGES = {161--179},
 PUBLISHER = {Amer. Math. Soc., Providence, RI},
      YEAR = {1985},
      ISBN = {0-8218-5046-6},
   MRCLASS = {13C10 (13E99 13H10 14L30)},
  MRNUMBER = {810650},
MRREVIEWER = {R.\ M.\ Fossum},
       DOI = {10.1090/conm/043/810650},
       URL = {https://doi.org/10.1090/conm/043/810650},
}

@article {GorinLopez,
    AUTHOR = {Gorin, T. and L\'opez, G. V.},
     TITLE = {Monomial integrals on the classical groups},
   JOURNAL = {J. Math. Phys.},
  FJOURNAL = {Journal of Mathematical Physics},
    VOLUME = {49},
      YEAR = {2008},
    NUMBER = {1},
     PAGES = {013503, 20},
      ISSN = {0022-2488,1089-7658},
   MRCLASS = {22E30 (43A75)},
  MRNUMBER = {2385262},
MRREVIEWER = {Takeshi\ Kawazoe},
       DOI = {10.1063/1.2830520},
       URL = {https://doi.org/10.1063/1.2830520},
}

@book {FogartyInvariant,
    AUTHOR = {Fogarty, John},
     TITLE = {Invariant theory},
 PUBLISHER = {W. A. Benjamin, Inc., New York-Amsterdam},
      YEAR = {1969},
     PAGES = {xvi+216},
   MRCLASS = {14.50},
  MRNUMBER = {240104},
MRREVIEWER = {M.\ J.\ Greenberg},
}

@incollection {MumfordFourteenthProblem,
    AUTHOR = {Mumford, David},
     TITLE = {Hilbert's fourteenth problem--the finite generation of
              subrings such as rings of invariants},
 BOOKTITLE = {Mathematical developments arising from {H}ilbert problems
              ({P}roc. {S}ympos. {P}ure {M}ath., {N}orthern {I}llinois
              {U}niv., {D}e {K}alb, {I}ll., 1974)},
    SERIES = {Proc. Sympos. Pure Math.},
    VOLUME = {Vol. XXVIII},
     PAGES = {431--444},
 PUBLISHER = {Amer. Math. Soc., Providence, RI},
      YEAR = {1976},
   MRCLASS = {14E05 (13B99 14D20 15A72)},
  MRNUMBER = {435076},
MRREVIEWER = {Vladimir\ L.\ Popov},
}

@book {LangAnalysis,
    AUTHOR = {Lang, Serge},
     TITLE = {Real and functional analysis},
    SERIES = {Graduate Texts in Mathematics},
    VOLUME = {142},
   EDITION = {Third},
 PUBLISHER = {Springer-Verlag, New York},
      YEAR = {1993},
     PAGES = {xiv+580},
      ISBN = {0-387-94001-4},
   MRCLASS = {00A05 (26-01 28-01 46-01 47-01 58-01)},
  MRNUMBER = {1216137},
       DOI = {10.1007/978-1-4612-0897-6},
       URL = {https://doi.org/10.1007/978-1-4612-0897-6},
}

@book {RoydenAnalysis,
    AUTHOR = {Royden, H. L.},
     TITLE = {Real analysis},
 PUBLISHER = {The Macmillan Company, New York; Collier Macmillan Ltd.,
              London},
      YEAR = {1963},
     PAGES = {xvi+284},
   MRCLASS = {26.00 (28.00)},
  MRNUMBER = {151555},
MRREVIEWER = {P.\ Franklin},
}

@book {HalmosMeasure,
    AUTHOR = {Halmos, Paul R.},
     TITLE = {Measure {T}heory},
 PUBLISHER = {D. Van Nostrand Co., Inc., New York},
      YEAR = {1950},
     PAGES = {xi+304},
   MRCLASS = {27.2X},
  MRNUMBER = {33869},
MRREVIEWER = {S.\ Kakutani},
}

@book {OMearaSymplectic,
    AUTHOR = {O'Meara, O. T.},
     TITLE = {Symplectic groups},
    SERIES = {Mathematical Surveys},
    VOLUME = {No. 16},
 PUBLISHER = {American Mathematical Society, Providence, RI},
      YEAR = {1978},
     PAGES = {xi+122},
      ISBN = {0-8218-1516-4},
   MRCLASS = {20G05 (10C30 20E36 20F28)},
  MRNUMBER = {502254},
MRREVIEWER = {E.\ A.\ Connors},
}

@article {ScherkOrthogonal,
    AUTHOR = {Scherk, Peter},
     TITLE = {On the decomposition of orthogonalities into symmetries},
   JOURNAL = {Proc. Amer. Math. Soc.},
  FJOURNAL = {Proceedings of the American Mathematical Society},
    VOLUME = {1},
      YEAR = {1950},
     PAGES = {481--491},
      ISSN = {0002-9939,1088-6826},
   MRCLASS = {20.0X},
  MRNUMBER = {36762},
MRREVIEWER = {J.\ Dieudonn\'e},
       DOI = {10.2307/2032316},
       URL = {https://doi.org/10.2307/2032316},
}

@book {DieudonneGroupesClassiquesOG,
    AUTHOR = {Dieudonn\'e, Jean},
    TITLE = {Sur les groupes classiques},
    SERIES = {Publ. Inst. Math. Univ. Strasbourg (N.S.)},
    VOLUME = {no. 1 (1945)},
      NOTE = {Actualit\'es Scientifiques et Industrielles, No. 1040.
              [Current Scientific and Industrial Topics]},
 PUBLISHER = {Hermann \& Cie, Paris},
      YEAR = {1948},
     PAGES = {iii+82},
   MRCLASS = {20.0X},
  MRNUMBER = {24439},
MRREVIEWER = {H.\ Weyl},
}

@article {DieudonneGenerators,
    AUTHOR = {Dieudonn\'e, Jean},
     TITLE = {Sur les g\'en\'erateurs des groupes classiques},
   JOURNAL = {Summa Brasil. Math.},
  FJOURNAL = {Summa Brasiliensis Mathematicae},
    VOLUME = {3},
      YEAR = {1955},
     PAGES = {149--179},
      ISSN = {0039-498X},
   MRCLASS = {22.0X},
  MRNUMBER = {80256},
MRREVIEWER = {C.\ E.\ Rickart},
}

@book {FarautAnalysis,
    AUTHOR = {Faraut, Jacques},
     TITLE = {Analysis on {L}ie groups},
    SERIES = {Cambridge Studies in Advanced Mathematics},
    VOLUME = {110},
 PUBLISHER = {Cambridge University Press, Cambridge},
      YEAR = {2008},
     PAGES = {x+302},
      ISBN = {978-0-521-71930-8},
   MRCLASS = {22E30 (22-01 22E60 43A75)},
  MRNUMBER = {2426516},
MRREVIEWER = {Joachim\ Hilgert},
       DOI = {10.1017/CBO9780511755170},
       URL = {https://doi.org/10.1017/CBO9780511755170},
}

@article {HochsterRoberts,
    AUTHOR = {Hochster, Melvin and Roberts, Joel L.},
     TITLE = {Rings of invariants of reductive groups acting on regular
              rings are {C}ohen-{M}acaulay},
   JOURNAL = {Advances in Math.},
  FJOURNAL = {Advances in Mathematics},
    VOLUME = {13},
      YEAR = {1974},
     PAGES = {115--175},
      ISSN = {0001-8708},
   MRCLASS = {13H10 (14M15)},
  MRNUMBER = {347810},
MRREVIEWER = {M.\ Nagata},
       DOI = {10.1016/0001-8708(74)90067-X},
       URL = {https://doi.org/10.1016/0001-8708(74)90067-X},
}

@article {Nagarajan,
    AUTHOR = {Nagarajan, K. R.},
     TITLE = {Groups acting on {N}oetherian rings},
   JOURNAL = {Nieuw Arch. Wisk. (3)},
  FJOURNAL = {Nieuw Archief voor Wiskunde. Derde Serie},
    VOLUME = {16},
      YEAR = {1968},
     PAGES = {25--29},
      ISSN = {0028-9825},
   MRCLASS = {13.25},
  MRNUMBER = {229628},
MRREVIEWER = {D.\ A.\ Robinson},
}

@incollection {Nagata14th,
    AUTHOR = {Nagata, Masayoshi},
     TITLE = {On the fourteenth problem of {H}ilbert},
 BOOKTITLE = {Proc. {I}nternat. {C}ongress {M}ath. 1958},
     PAGES = {459--462},
 PUBLISHER = {Cambridge Univ. Press, New York},
      YEAR = {1960},
   MRCLASS = {20.00 (14.00)},
  MRNUMBER = {116056},
MRREVIEWER = {H.\ T.\ Muhly},
}

@article {Kohls:NonCM,
    AUTHOR = {Kohls, Martin},
     TITLE = {Non-{C}ohen--{M}acaulay invariant rings of infinite groups},
   JOURNAL = {J. Algebra},
  FJOURNAL = {Journal of Algebra},
    VOLUME = {306},
      YEAR = {2006},
    NUMBER = {2},
     PAGES = {591--609},
      ISSN = {0021-8693,1090-266X},
   MRCLASS = {13A50 (20G15)},
  MRNUMBER = {2271356},
MRREVIEWER = {Steven\ Glenn\ Jackson},
       DOI = {10.1016/j.jalgebra.2006.03.028},
       URL = {https://doi.org/10.1016/j.jalgebra.2006.03.028},
}

@article {HochsterHuneke:JAG,
    AUTHOR = {Hochster, Melvin and Huneke, Craig},
     TITLE = {Tight closure of parameter ideals and splitting in
              module-finite extensions},
   JOURNAL = {J. Algebraic Geom.},
  FJOURNAL = {Journal of Algebraic Geometry},
    VOLUME = {3},
      YEAR = {1994},
    NUMBER = {4},
     PAGES = {599--670},
      ISSN = {1056-3911,1534-7486},
   MRCLASS = {13A35 (13B21 13H10)},
  MRNUMBER = {1297848},
MRREVIEWER = {Ian\ M.\ Aberbach},
}

@article {Hashimoto:AnotherProof,
    AUTHOR = {Hashimoto, Mitsuyasu},
     TITLE = {Another proof of theorems of {D}e {C}oncini and {P}rocesi},
   JOURNAL = {J. Math. Kyoto Univ.},
  FJOURNAL = {Journal of Mathematics of Kyoto University},
    VOLUME = {45},
      YEAR = {2005},
    NUMBER = {4},
     PAGES = {701--710},
      ISSN = {0023-608X},
   MRCLASS = {13A50 (14L30)},
  MRNUMBER = {2226626},
MRREVIEWER = {Steven\ Glenn\ Jackson},
       DOI = {10.1215/kjm/1250281653},
       URL = {https://doi.org/10.1215/kjm/1250281653},
}

@article {Haboush:Reductive,
    AUTHOR = {Haboush, W. J.},
     TITLE = {Reductive groups are geometrically reductive},
   JOURNAL = {Ann. of Math. (2)},
  FJOURNAL = {Annals of Mathematics. Second Series},
    VOLUME = {102},
      YEAR = {1975},
    NUMBER = {1},
     PAGES = {67--83},
      ISSN = {0003-486X},
   MRCLASS = {14L15 (14D20 15A72 20G05 20G15)},
  MRNUMBER = {382294},
MRREVIEWER = {Vladimir\ L.\ Popov},
       DOI = {10.2307/1970974},
       URL = {https://doi.org/10.2307/1970974},
}

@article {Noether:Invariants,
    AUTHOR = {Noether, Emmy},
     TITLE = {Der {E}ndlichkeitssatz der {I}nvarianten endlicher {G}ruppen},
   JOURNAL = {Math. Ann.},
  FJOURNAL = {Mathematische Annalen},
    VOLUME = {77},
      YEAR = {1915},
    NUMBER = {1},
     PAGES = {89--92},
      ISSN = {0025-5831,1432-1807},
   MRCLASS = {99-04},
  MRNUMBER = {1511848},
       DOI = {10.1007/BF01456821},
       URL = {https://doi.org/10.1007/BF01456821},
}

@book {Glassbrenner:Thesis,
    AUTHOR = {Glassbrenner, Donna Jean},
     TITLE = {Invariant rings of group actions, determinantal rings, and
              tight closure},
      NOTE = {Thesis (Ph.D.)--University of Michigan},
 PUBLISHER = {ProQuest LLC, Ann Arbor, MI},
      YEAR = {1992},
     PAGES = {74},
   MRCLASS = {99-05},
  MRNUMBER = {2688442},
       URL =
              {http://gateway.proquest.com/openurl?url_ver=Z39.88-2004&rft_val_fmt=info:ofi/fmt:kev:mtx:dissertation&res_dat=xri:pqdiss&rft_dat=xri:pqdiss:9303742},
}

@article{GoelJeffriesSingh,
  AUTHOR = {Goel, Kriti and Jeffries, Jack and Singh, Anurag K.},
  TITLE = {Local Cohomology of Modular Invariant Rings},
  ISSN = {1531-586X},
  URL = {http://dx.doi.org/10.1007/s00031-024-09851-6},
  DOI = {10.1007/s00031-024-09851-6},
  JOURNAL = {Transformation Groups},
  PUBLISHER = {Springer Science and Business Media LLC},
  YEAR = {2024},
  MONTH = mar 
}

@book {Jeffries:Thesis,
    AUTHOR = {Jeffries, Kenneth Carl},
     TITLE = {Rings of invariants, {F}-regularity, and local cohomology},
      NOTE = {Thesis (Ph.D.)--The University of Utah},
 PUBLISHER = {ProQuest LLC, Ann Arbor, MI},
      YEAR = {2015},
     PAGES = {55},
      ISBN = {978-1339-13823-7},
   MRCLASS = {99-05},
  MRNUMBER = {3439017},
       URL =
              {http://gateway.proquest.com/openurl?url_ver=Z39.88-2004&rft_val_fmt=info:ofi/fmt:kev:mtx:dissertation&res_dat=xri:pqm&rft_dat=xri:pqdiss:3728388},
}

@book {Singh:Thesis,
    AUTHOR = {Singh, Anurag K.},
     TITLE = {F-regularity, {F}-rationality and {F}-purity},
      NOTE = {Thesis (Ph.D.)--University of Michigan},
 PUBLISHER = {ProQuest LLC, Ann Arbor, MI},
      YEAR = {1998},
     PAGES = {76},
      ISBN = {978-0591-77287-6},
   MRCLASS = {99-05},
  MRNUMBER = {2697165},
       URL =
              {http://gateway.proquest.com/openurl?url_ver=Z39.88-2004&rft_val_fmt=info:ofi/fmt:kev:mtx:dissertation&res_dat=xri:pqdiss&rft_dat=xri:pqdiss:9825344},
}

@article {Glassbrenner:CMFrational,
    AUTHOR = {Glassbrenner, Donna},
     TITLE = {The {C}ohen--{M}acaulay property and {$F$}-rationality in
              certain rings of invariants},
   JOURNAL = {J. Algebra},
  FJOURNAL = {Journal of Algebra},
    VOLUME = {176},
      YEAR = {1995},
    NUMBER = {3},
     PAGES = {824--860},
      ISSN = {0021-8693,1090-266X},
   MRCLASS = {13A35 (13A50 13H10 14L30)},
  MRNUMBER = {1351366},
MRREVIEWER = {Ian\ M.\ Aberbach},
       DOI = {10.1006/jabr.1995.1275},
       URL = {https://doi.org/10.1006/jabr.1995.1275},
}

@article {Smith:AlternatingInvariants,
    AUTHOR = {Smith, Larry},
     TITLE = {On alternating invariants and {H}ilbert ideals},
   JOURNAL = {J. Algebra},
  FJOURNAL = {Journal of Algebra},
    VOLUME = {280},
      YEAR = {2004},
    NUMBER = {2},
     PAGES = {488--499},
      ISSN = {0021-8693,1090-266X},
   MRCLASS = {13A50},
  MRNUMBER = {2089248},
MRREVIEWER = {Mara\ D.\ Neusel},
       DOI = {10.1016/j.jalgebra.2004.03.027},
       URL = {https://doi.org/10.1016/j.jalgebra.2004.03.027},
}

@article {Singh:FailureF,
    AUTHOR = {Singh, Anurag K.},
     TITLE = {Failure of {$F$}-purity and {$F$}-regularity in certain rings
              of invariants},
   JOURNAL = {Illinois J. Math.},
  FJOURNAL = {Illinois Journal of Mathematics},
    VOLUME = {42},
      YEAR = {1998},
    NUMBER = {3},
     PAGES = {441--448},
      ISSN = {0019-2082,1945-6581},
   MRCLASS = {13A35 (13A50)},
  MRNUMBER = {1631244},
MRREVIEWER = {Ian\ M.\ Aberbach},
       URL = {http://projecteuclid.org/euclid.ijm/1256044934},
}

@book {CampbellWehlau:ModularInvariantTheory,
    AUTHOR = {Campbell, H. E. A. Eddy and Wehlau, David L.},
     TITLE = {Modular invariant theory},
    SERIES = {Encyclopaedia of Mathematical Sciences},
    VOLUME = {139},
      NOTE = {Invariant Theory and Algebraic Transformation Groups, 8},
 PUBLISHER = {Springer-Verlag, Berlin},
      YEAR = {2011},
     PAGES = {xiv+233},
      ISBN = {978-3-642-17403-2},
   MRCLASS = {13A50 (13E15 20F29)},
  MRNUMBER = {2759466},
MRREVIEWER = {Frank\ D.\ Grosshans},
       DOI = {10.1007/978-3-642-17404-9},
       URL = {https://doi.org/10.1007/978-3-642-17404-9},
}

@book {Smith:PolynomialInvariantsBook,
    AUTHOR = {Smith, Larry},
     TITLE = {Polynomial invariants of finite groups},
    SERIES = {Research Notes in Mathematics},
    VOLUME = {6},
 PUBLISHER = {A K Peters, Ltd., Wellesley, MA},
      YEAR = {1995},
     PAGES = {xvi+360},
      ISBN = {1-56881-053-9},
   MRCLASS = {13A50 (20-01 55S10)},
  MRNUMBER = {1328644},
MRREVIEWER = {Frank\ D.\ Grosshans},
}

@article {BrunsHerzog:a-invariants,
    AUTHOR = {Bruns, Winfried and Herzog, J\"urgen},
     TITLE = {On the computation of {$a$}-invariants},
   JOURNAL = {Manuscripta Math.},
  FJOURNAL = {Manuscripta Mathematica},
    VOLUME = {77},
      YEAR = {1992},
    NUMBER = {2-3},
     PAGES = {201--213},
      ISSN = {0025-2611,1432-1785},
   MRCLASS = {13H10 (13F50)},
  MRNUMBER = {1188581},
MRREVIEWER = {Gert\ Naud\'e},
       DOI = {10.1007/BF02567054},
       URL = {https://doi.org/10.1007/BF02567054},
}

@article {GotoWatanabe:GradedI,
    AUTHOR = {Goto, Shiro and Watanabe, Keiichi},
     TITLE = {On graded rings. {I}},
   JOURNAL = {J. Math. Soc. Japan},
  FJOURNAL = {Journal of the Mathematical Society of Japan},
    VOLUME = {30},
      YEAR = {1978},
    NUMBER = {2},
     PAGES = {179--213},
      ISSN = {0025-5645,1881-1167},
   MRCLASS = {13H10 (13D03 14B15)},
  MRNUMBER = {494707},
MRREVIEWER = {Gerald\ S.\ Garfinkel},
       DOI = {10.2969/jmsj/03020179},
       URL = {https://doi.org/10.2969/jmsj/03020179},
}

@article {Broer:DirectSummandProperty,
    AUTHOR = {Broer, Abraham},
     TITLE = {The direct summand property in modular invariant theory},
   JOURNAL = {Transform. Groups},
  FJOURNAL = {Transformation Groups},
    VOLUME = {10},
      YEAR = {2005},
    NUMBER = {1},
     PAGES = {5--27},
      ISSN = {1083-4362,1531-586X},
   MRCLASS = {13A50},
  MRNUMBER = {2127339},
MRREVIEWER = {P\'eter\ E.\ Frenkel},
       DOI = {10.1007/s00031-005-1001-0},
       URL = {https://doi.org/10.1007/s00031-005-1001-0},
}

@article {HochsterHuneke:FregTestSmooth,
    AUTHOR = {Hochster, Melvin and Huneke, Craig},
     TITLE = {{$F$}-regularity, test elements, and smooth base change},
   JOURNAL = {Trans. Amer. Math. Soc.},
  FJOURNAL = {Transactions of the American Mathematical Society},
    VOLUME = {346},
      YEAR = {1994},
    NUMBER = {1},
     PAGES = {1--62},
      ISSN = {0002-9947,1088-6850},
   MRCLASS = {13A35 (13B99 13F40)},
  MRNUMBER = {1273534},
MRREVIEWER = {Ian\ M.\ Aberbach},
       DOI = {10.2307/2154942},
       URL = {https://doi.org/10.2307/2154942},
}

@book {Benson:PolynomialInvariantsBook,
    AUTHOR = {Benson, D. J.},
     TITLE = {Polynomial invariants of finite groups},
    SERIES = {London Mathematical Society Lecture Note Series},
    VOLUME = {190},
 PUBLISHER = {Cambridge University Press, Cambridge},
      YEAR = {1993},
     PAGES = {x+118},
      ISBN = {0-521-45886-2},
   MRCLASS = {13A50 (13E15 20F29)},
  MRNUMBER = {1249931},
MRREVIEWER = {Frank\ D.\ Grosshans},
       DOI = {10.1017/CBO9780511565809},
       URL = {https://doi.org/10.1017/CBO9780511565809},
}

@book {AtiyahMacdonald,
    AUTHOR = {Atiyah, M. F. and Macdonald, I. G.},
     TITLE = {Introduction to commutative algebra},
 PUBLISHER = {Addison-Wesley Publishing Co., Reading, Mass.-London-Don
              Mills, Ont.},
      YEAR = {1969},
     PAGES = {ix+128},
   MRCLASS = {13.00},
  MRNUMBER = {242802},
MRREVIEWER = {Johnny\ A.\ Johnson},
}

@article {Magma,
    AUTHOR = {Bosma, Wieb and Cannon, John and Playoust, Catherine},
     TITLE = {The {M}agma algebra system. {I}. {T}he user language},
      NOTE = {Computational algebra and number theory (London, 1993)},
   JOURNAL = {J. Symbolic Comput.},
  FJOURNAL = {Journal of Symbolic Computation},
    VOLUME = {24},
      YEAR = {1997},
    NUMBER = {3-4},
     PAGES = {235--265},
      ISSN = {0747-7171},
   MRCLASS = {68Q40},
  MRNUMBER = {MR1484478},
       DOI = {10.1006/jsco.1996.0125},
       URL = {http://dx.doi.org/10.1006/jsco.1996.0125},
}