@book{munk,
   title =     {Topology},
   author =    {James Munkres},
   publisher = {Prentice Hall, Inc},
   year =      {2000},
   edition =   {2nd ed},
}
@book{vick,
   title =     {Homology theory: An introduction to algebraic topology},
   author =    {James W. Vick},
   publisher = {Springer},
   year =      {1994},
   series =    {Graduate Texts in Mathematics},
   edition =   {2nd},
}
@book{green,
   title =     {Algebraic topology: a first course},
   author =    {Marvin J. Greenberg, John R. Harper},
   publisher = {Westview Press},
   year =      {1981},
   series =    {Mathematics Lecture Note Series},
}
@book{hatch,
   title =     {Algebraic topology},
   author =    {Allen Hatcher},
   publisher = {Cambridge University Press},
   year =      {2001},
   edition =   {1},
}
@book{fult,
   title =     {Algebraic topology: a first course},
   author =    {William Fulton},
   publisher = {Springer},
   year =      {1995},
}