@book{book:munk,
   title =     {Topology},
   author =    {James Munkres},
   publisher = {Prentice Hall},
   year =      {2000}
}

@book{book:mass,
   title =     {A basic course in algebraic topology},
   author =    {W.S. Massey},
   publisher = {Springer},
   year =      {1980}
}