@book{DF, 
	place={New York}, 
	edition={3rd ed}, 
	title={Abstract algebra}, 
	publisher={Wiley}, 
	author={Dummit, David S. and Foote, Richard M.}, 
	year={2004} 
}

@article {CarlssonAbelianGroupsFreely,
    AUTHOR = {Carlsson, Gunnar},
     TITLE = {On the rank of abelian groups acting freely on
              {$(S\sp{n})\sp{k}$}},
   JOURNAL = {Invent. Math.},
  FJOURNAL = {Inventiones Mathematicae},
    VOLUME = {69},
      YEAR = {1982},
    NUMBER = {3},
     PAGES = {393--400},
      ISSN = {0020-9910,1432-1297},
   MRCLASS = {57S17 (57S25)},
  MRNUMBER = {679764},
MRREVIEWER = {Douglas\ R.\ Anderson},
       DOI = {10.1007/BF01389361},
       URL = {https://doi.org/10.1007/BF01389361},
}

@incollection {CarlssonProblemInCommutativeAlgebra,
    AUTHOR = {Carlsson, Gunnar},
     TITLE = {Free {$({\bf Z}/2)^k$}-actions and a problem in commutative
              algebra},
 BOOKTITLE = {Transformation groups, {P}ozna\'{n} 1985},
    SERIES = {Lecture Notes in Math.},
    VOLUME = {1217},
     PAGES = {79--83},
 PUBLISHER = {Springer, Berlin},
      YEAR = {1986},
      ISBN = {3-540-16824-9},
   MRCLASS = {57S17 (13D99 18G20 55N25)},
  MRNUMBER = {874170},
MRREVIEWER = {Ian\ Hambleton},
       DOI = {10.1007/BFb0072815},
       URL = {https://doi.org/10.1007/BFb0072815},
}

@incollection {CarlssonFreeModTwoToThreeActions,
    AUTHOR = {Carlsson, Gunnar},
     TITLE = {Free {$({\bf Z}/2)^3$}-actions on finite complexes},
 BOOKTITLE = {Algebraic topology and algebraic {$K$}-theory ({P}rinceton,
              {N}.{J}., 1983)},
    SERIES = {Ann. of Math. Stud.},
    VOLUME = {113},
     PAGES = {332--344},
 PUBLISHER = {Princeton Univ. Press, Princeton, NJ},
      YEAR = {1987},
      ISBN = {0-691-08415-7; 0-691-08426-2},
   MRCLASS = {57S25},
  MRNUMBER = {921483},
MRREVIEWER = {C.\ B.\ Thomas},
}

@article {IyengarWalkerFiniteFreeComplexesSmallRankHomology,
    AUTHOR = {Iyengar, Srikanth B. and Walker, Mark E.},
     TITLE = {Examples of finite free complexes of small rank and small
              homology},
   JOURNAL = {Acta Math.},
  FJOURNAL = {Acta Mathematica},
    VOLUME = {221},
      YEAR = {2018},
    NUMBER = {1},
     PAGES = {143--158},
      ISSN = {0001-5962,1871-2509},
   MRCLASS = {13D22 (13D02 55U05)},
  MRNUMBER = {3877020},
MRREVIEWER = {Adela\ N.\ Vraciu},
       DOI = {10.4310/ACTA.2018.v221.n1.a4},
       URL = {https://doi.org/10.4310/ACTA.2018.v221.n1.a4},
}

@article {AlldayPuppeMinimalHirschBrown,
    AUTHOR = {Allday, Christopher and Puppe, Volker},
     TITLE = {The minimal {H}irsch-{B}rown model via classical {H}odge
              theory},
   JOURNAL = {Pacific J. Math.},
  FJOURNAL = {Pacific Journal of Mathematics},
    VOLUME = {226},
      YEAR = {2006},
    NUMBER = {1},
     PAGES = {41--51},
      ISSN = {0030-8730,1945-5844},
   MRCLASS = {57S15 (53D20 57R17 57R91)},
  MRNUMBER = {2247870},
MRREVIEWER = {Catalin\ Zara},
       DOI = {10.2140/pjm.2006.226.41},
       URL = {https://doi.org/10.2140/pjm.2006.226.41},
}

@book {FelixOpreaTanreAlgebraicModels,
    AUTHOR = {F\'{e}lix, Yves and Oprea, John and Tanr\'{e}, Daniel},
     TITLE = {Algebraic models in geometry},
    SERIES = {Oxford Graduate Texts in Mathematics},
    VOLUME = {17},
 PUBLISHER = {Oxford University Press, Oxford},
      YEAR = {2008},
     PAGES = {xxii+460},
      ISBN = {978-0-19-920651-3},
   MRCLASS = {55P62 (53-02 53C22 53D35 55-02)},
  MRNUMBER = {2403898},
MRREVIEWER = {Samuel\ B.\ Smith},
}

@misc{VandebogertTotalRankConjecture,
      title={The Total Rank Conjecture in Characteristic Two}, 
      author={Keller VandeBogert and Mark E. Walker},
      year={2023},
      eprint={2305.09771},
      archivePrefix={arXiv},
      primaryClass={math.AC}
}