@book{DF, 
	place={New York}, 
	edition={3rd ed}, 
	title={Abstract algebra}, 
	publisher={Wiley}, 
	author={Dummit, David S. and Foote, Richard M.}, 
	year={2004} 
}